@book{cp4,
  author    = {Author Name},
  title     = {Book Title},
  year      = {Publication Year},
  publisher = {Publisher Name},
  address   = {Publisher Location},
  edition   = {Edition (if applicable)},
  volume    = {Volume Number (if applicable)},
  series    = {Series Name (if applicable)},
  isbn      = {ISBN Number (if applicable)}
}

@misc{ccpl,
  author = {{CCPL}},
  title = {Colombian Collegiate Programming Leage, Calendario 2024},
  year = {2024},
  note = {\url{https://www.programmingleague.org/item/articulo/4015/categoria_cms/906}}
}

@misc{unal,
  author = {{UNAL}},
  title = {Maratón Interna de programación 2024},
  year = {2024},
  note = {\url{https://sites.google.com/view/programacion-unal/competencias/marat%C3%B3n-interna-2024?authuser=0}}
}

@misc{andes,
  author = {{Uni Andes}},
  title = {Clasificación Uniandina Maratón Nacional de Programación},
  year = {2019},
  note = {\url{https://sistemas.uniandes.edu.co/es/inicio/noticias/clasificacion-uniandina-maraton-nacional-de-programacion}}
}

@misc{roa,
  author = "Alejandro Roa",
  title = "Conversación en la calle",
  year = "2024"
}

@misc{carlos,
  author = "Carlos Clavijo",
  title = "Conversación en la calle",
  year = "2024"
}

@misc{icpc-finals,
  author = "ICPC",
  title = "2024 ICPC World Finals Astana Programming Environment",
  year = "2024",
  note = "\url{https://docs.icpc.global/worldfinals-programming-environment/}"
}
